<?xml version="1.0" encoding="utf-8"?>
<record xmlns="http://www.loc.gov/MARC21/slim" xmlns:xsi="http://www.w3.org/2001/XMLSchema-instance" xsi:schemaLocation="http://www.loc.gov/MARC21/slim http://www.loc.gov/standards/marcxml/schema/MARC21slim.xsd">
	<leader>     nam a22        4500</leader>
	<controlfield tag="001">b12356402</controlfield>
	<controlfield tag="003">LeBAU</controlfield>
	<controlfield tag="006">m        d        </controlfield>
	<controlfield tag="007">cr cn |||m|||a</controlfield>
	<controlfield tag="008">161214s1903    ua a    ob    000 0 ara d</controlfield>
	<datafield ind1=" " ind2=" " tag="040">
		<subfield code="a">NNU</subfield>
		<subfield code="b">ara</subfield>
		<subfield code="e">rda</subfield>
		<subfield code="c">NNU</subfield>
	</datafield>
	<datafield ind1=" " ind2="4" tag="050">
		<subfield code="a">B751.Z7</subfield>
		<subfield code="b">A68 1903</subfield>
	</datafield>
	<datafield ind1="0" ind2="4" tag="082">
		<subfield code="a">189.3</subfield>
		<subfield code="2">22</subfield>
	</datafield>
	<datafield ind1="1" ind2=" " tag="100">
		<subfield code="6">880-01</subfield>
		<subfield code="a">Anṭūn, Faraḥ,</subfield>
		<subfield code="d">1874-1922,</subfield>
		<subfield code="e">author.</subfield>
	</datafield>
	<datafield ind1="1" ind2="0" tag="245">
		<subfield code="6">880-02</subfield>
		<subfield code="a">Ibn Rushd wa-falsafatuhu /</subfield>
		<subfield code="c">ta’līf Faraḥ Anṭūn, munshi’ majallat al-Jāmi‘ah. Wa-fī dhayl al-kitāb rudūd al-Ustādh [Muḥammad ‘Abduh] ‘alá [Majallat] al-Jāmi‘ah fī sitt maqālāt bi-sha’n maqālah mukhtaṣarah nasharathā [Majallat] al-Jāmi‘ah mundhu ashhur fī hādhā al-mawḍū‘. Wa-ajwibat [Majallat] al-Jāmi‘ah fī sitt maqālāt ayḍan.</subfield>
	</datafield>
	<datafield ind1=" " ind2="1" tag="264">
		<subfield code="6">880-03</subfield>
		<subfield code="a">al-Iskandarīyah :</subfield>
		<subfield code="b">al-Jāmi‘ah al-Iskandarīyah,</subfield>
		<subfield code="c">1903.</subfield>
	</datafield>
	<datafield ind1=" " ind2=" " tag="300">
		<subfield code="6">880-04</subfield>
		<subfield code="a">online resource (277 pages) :</subfield>
		<subfield code="b">illustrations</subfield>
	</datafield>
	<datafield ind1=" " ind2=" " tag="336">
		<subfield code="a">text</subfield>
		<subfield code="2">rdacontent</subfield>
	</datafield>
	<datafield ind1=" " ind2=" " tag="337">
		<subfield code="a">computer</subfield>
		<subfield code="2">rdamedia</subfield>
	</datafield>
	<datafield ind1=" " ind2=" " tag="338">
		<subfield code="a">online resource</subfield>
		<subfield code="2">rdacarrier</subfield>
	</datafield>
	<datafield ind1=" " ind2=" " tag="500">
		<subfield code="a">Part of the Arabic Collections Online (ACO) project, contributed by American University of Beirut's Jafet Memorial Library.</subfield>
	</datafield>
	<datafield ind1=" " ind2=" " tag="533">
		<subfield code="a">Electronic reproduction.</subfield>
		<subfield code="b">New York, N.Y. :</subfield>
		<subfield code="c">New York University,</subfield>
		<subfield code="d">2016.</subfield>
		<subfield code="5">NNU</subfield>
	</datafield>
	<datafield ind1="1" ind2="0" tag="600">
		<subfield code="6">880-05</subfield>
		<subfield code="a">Ibn Rushd, Abū al-Walīd,</subfield>
		<subfield code="d">1126-1198.</subfield>
	</datafield>
	<datafield ind1=" " ind2="0" tag="650">
		<subfield code="6">880-06</subfield>
		<subfield code="a">Islamic philosophy.</subfield>
	</datafield>
	<datafield ind1=" " ind2="0" tag="650">
		<subfield code="6">880-07</subfield>
		<subfield code="a">Arabic essays.</subfield>
	</datafield>
	<datafield ind1="1" ind2=" " tag="700">
		<subfield code="6">880-08</subfield>
		<subfield code="a">Abduh, Muhammad,</subfield>
		<subfield code="d">1849-1905,</subfield>
		<subfield code="e">author.</subfield>
	</datafield>
	<datafield ind1="2" ind2=" " tag="710">
		<subfield code="a">Jafet Memorial Library.</subfield>
	</datafield>
	<datafield ind1="0" ind2=" " tag="730">
		<subfield code="a">Arabic Collections Online.</subfield>
	</datafield>
	<datafield ind1="0" ind2="8" tag="776">
		<subfield code="i">Print version:</subfield>
		<subfield code="a">Anṭūn, Faraḥ, 1874-1922, author.</subfield>
		<subfield code="t">Ibn Rushd wa-falsafatuhu</subfield>
		<subfield code="w">(LeBAU)b12356402</subfield>
	</datafield>
	<datafield ind1="4" ind2="0" tag="856">
		<subfield code="u">http://hdl.handle.net/2333.1/x95x6fkm</subfield>
	</datafield>
	<datafield ind1="1" ind2=" " tag="880">
		<subfield code="6">100-01/r</subfield>
		<subfield code="a">انطون، فرح،</subfield>
		<subfield code="d">1874-1922،</subfield>
		<subfield code="e">author.</subfield>
	</datafield>
	<datafield ind1="1" ind2="0" tag="880">
		<subfield code="6">245-02/r</subfield>
		<subfield code="a">إبن رشد وفلسفته /</subfield>
		<subfield code="c">تأليف فرح أنطون، منشىء مجلة الجامعة. وفي ذيل الكتاب ردود الأستاذ [محمد عبده] على [مجلة] الجامعة في ست مقالات بشأن مقالة مشتركة نشرتها [مجلة] الجامعة منذ أشهر في هذا الموضوع. وأجوبة [مجلة] الجامعة في ست مقالات أيضاً.</subfield>
	</datafield>
	<datafield ind1=" " ind2="1" tag="880">
		<subfield code="6">264-03/r</subfield>
		<subfield code="a">الاسكندرية :</subfield>
		<subfield code="b">جامعة الاسكندرية،</subfield>
		<subfield code="c">1903.</subfield>
	</datafield>
	<datafield ind1=" " ind2=" " tag="880">
		<subfield code="6">300-04/r</subfield>
		<subfield code="a">227 صفحة :</subfield>
		<subfield code="b">مصورات ؛</subfield>
		<subfield code="c">26 سم</subfield>
	</datafield>
	<datafield ind1=" " ind2=" " tag="880">
		<subfield code="6">500-00/r</subfield>
		<subfield code="a">&quot;هو قاضي قضاة الأندلس وأشهر فلاسفة الإسلام على الإطلاق وأعظم شراح فلسفة أرسطو في العالم. نفاه أبناء عصره ومنعوا كتبه لإشتغاله بالفلسفة. وعلى شروحه الفلسفية بنى الأوروبيون فلسفتهم في القرون الوسطى. وكان إسمه مشهورا عندهم شهرة أرسطو. وهذا الكتاب يحتوي على ترجمته بالتطويل نقلا عن مؤرخي العرب والإفرنج. وبيان مؤلفاته وطريقة شرحه أرسطو وبسط فلسفته ونسبتها إلى فلسفة أرسطو، وتاريخها عند اليهود وفي أوروبا، وإهتمام القديس توما أعظم حكماء الكنيسة الغربية بالرد عليها وتاريخ الفلسفة الحديثة التي حلت محلها.&quot;--صفحة العنوان.</subfield>
	</datafield>
	<datafield ind1=" " ind2=" " tag="880">
		<subfield code="6">504-00/r</subfield>
		<subfield code="a">يتضمن مراجع ببليوغرافية.</subfield>
	</datafield>
	<datafield ind1="1" ind2="4" tag="880">
		<subfield code="6">600-05/r</subfield>
		<subfield code="a">إبن رشد، أبو الوليد محمد بن أحمد</subfield>
		<subfield code="c">الفيلسوف،</subfield>
		<subfield code="d">1126-1198.</subfield>
	</datafield>
	<datafield ind1=" " ind2="4" tag="880">
		<subfield code="6">650-06/r</subfield>
		<subfield code="a">الفلسفة الاسلامية.</subfield>
	</datafield>
	<datafield ind1=" " ind2="4" tag="880">
		<subfield code="6">650-07/r</subfield>
		<subfield code="a">مقالات عربية.</subfield>
	</datafield>
	<datafield ind1="1" ind2=" " tag="880">
		<subfield code="6">700-08/r</subfield>
		<subfield code="a">عبده، محمد،</subfield>
		<subfield code="d">1849-1905،</subfield>
		<subfield code="e">مؤلف.</subfield>
		<subfield code="4">aut.</subfield>
	</datafield>
	<datafield ind1=" " ind2=" " tag="959">
		<subfield code="a">NNU</subfield>
		<subfield code="b">WEB</subfield>
		<subfield code="c">GENI</subfield>
		<subfield code="t">0</subfield>
		<subfield code="m">Electronic access</subfield>
		<subfield code="s">01</subfield>
	</datafield>
	<datafield ind1=" " ind2=" " tag="999">
		<subfield code="i">LeBAU_b12356402</subfield>
		<subfield code="s">aub_aco000016</subfield>
		<subfield code="e">(ERROR-MISC)</subfield>
		<subfield code="s">aub_aco000016</subfield>
	</datafield>
</record>
